<record><leader>00000cas a22000007a 4500</leader><controlfield tag="001">16933044</controlfield><controlfield tag="008">871103d19411954ohudn ne      0    0eng d</controlfield><datafield ind1=" " ind2=" " tag="010"><subfield code="a">sn 87075192 </subfield></datafield><datafield ind1=" " ind2=" " tag="040"><subfield code="a">ONP</subfield><subfield code="b">eng</subfield><subfield code="c">ONP</subfield><subfield code="d">OCLCQ</subfield></datafield><datafield ind1=" " ind2=" " tag="042"><subfield code="a">msc</subfield></datafield><datafield ind1="0" ind2=" " tag="130"><subfield code="a">Sentinel (Pomeroy, Ohio)</subfield></datafield><datafield ind1="1" ind2="4" tag="245"><subfield code="a">The Sentinel.</subfield></datafield><datafield ind1=" " ind2=" " tag="260"><subfield code="a">Pomeroy, Ohio :</subfield><subfield code="b">News-Sentinel Pub. Co.,</subfield><subfield code="c">1941-1954.</subfield></datafield><datafield ind1=" " ind2=" " tag="310"><subfield code="a">Daily (except Sun.),</subfield><subfield code="b">June 14, 1948-Sept. 25, 1954</subfield></datafield><datafield ind1=" " ind2=" " tag="321"><subfield code="a">Weekly,</subfield><subfield code="b">&lt;1941&gt;-June 10, 1948</subfield></datafield><datafield ind1="0" ind2=" " tag="362"><subfield code="a">Vol. 53, no. 35 (Aug. 28, 1941)-v. 6, no. 137 (Sept. 25, 1954).</subfield></datafield><datafield ind1=" " ind2=" " tag="580"><subfield code="a">Absorbed: Herald-tribune (Pomeroy, Ohio), and: Middleport review, June 1948.</subfield></datafield><datafield ind1=" " ind2=" " tag="752"><subfield code="a">United States</subfield><subfield code="b">Ohio</subfield><subfield code="c">Meigs</subfield><subfield code="d">Pomeroy.</subfield></datafield><datafield ind1=" " ind2=" " tag="752"><subfield code="a">United States</subfield><subfield code="b">Ohio</subfield><subfield code="c">Meigs</subfield><subfield code="d">Middleport.</subfield></datafield><datafield ind1="0" ind2="0" tag="780"><subfield code="t">Democrat (Pomeroy, Ohio)</subfield><subfield code="w">(DLC)sn 87075189</subfield></datafield><datafield ind1="1" ind2="5" tag="780"><subfield code="t">Middleport review</subfield><subfield code="w">(DLC)sn 89076213</subfield></datafield><datafield ind1="1" ind2="5" tag="780"><subfield code="t">Herald tribune (Pomeroy, Ohio)</subfield><subfield code="w">(DLC)sn 87075187</subfield></datafield><datafield ind1="0" ind2="0" tag="785"><subfield code="t">Daily sentinel (Pomeroy, Ohio)</subfield><subfield code="w">(DLC)sn 87075191</subfield></datafield></record>